@incollection{moroz12,
	title={Ударение в уляпском говоре кабардинского языка},
	author={Мороз, Г. A.},
	booktitle={Проблемы языка: Сборник научных статей по материалам Первой конференции-школы <<Проблемы языка: взгляд молодых ученых>>},
	pages={190--204},
	year={2012},
    addres = {М.},
	publisher={Институт языкознания РАН},
  language={russian},
  hyphenation={russian}
}

@incollection{dibo07,
  title={Западнокавказская акцентологическая реконструкция},
  booktitle = {Лингвистическая компаративистика в культурном и историческом аспектах: материалы V Международной научной конференции по сравнительно-исто{-}рическому языкознанию (Москва, 31 января -- 2 февраля 2006 г.)},
  editor    = {В.~А.~Кочергина},
  author={В. А. Дыбо},
  pages={88--113},
  year={2007},
  publisher={МГУ},
  language={russian},
  hyphenation={russian}
}

@book{dibo00,
  title={Морфологизованные парадигматические акцентные системы. Типология и генезис},
  author={В. А. Дыбо},
  pages={733},
  year={2000},
  volume = {1},
  publisher={Языки русской культуры},
   location    = {М.},
  language={russian},
  hyphenation={russian}
}

@phdthesis{spruit86,
  location    = {Leiden},
  author     = {Spruit, A.},
  pages      = {144},
  title      = {Abkhaz Studies},
  school = {Leiden University},
  year       = {1986},
  language={english},
  hyphenation={english}
}

@book{yakovlev06,
  location    = {Сухуми},
  author     = {Яковлев, Н. Ф.},
  pages      = {321},
  publisher  = {Академия наук Абхазии, Абхазский институт гуманитарных исследований им. Д. И. Гулиа},
  title      = {Грамматика абхазского литературного языка},
  year       = {2006},
  language={russian},
  hyphenation={russian}
}

@book{aristava68,
  location    = {Сухуми},
  author     = {Аристава, Ш. К.},
  pages      = {204},
  publisher  = {Алашара},
  title      = {Грамматика абхазского языка},
  year       = {1968},
  language={russian},
  hyphenation={russian}
}

@book{fenwick11,
  title={A grammar of Ubykh},
  author={Fenwick, R. S. H.},
  year={2011},
  publisher={LINCOM Europa},
  language={english},
  hyphenation={english}
}

@book{dirr96,
  location    = {Нальчик},
  author     = {Дирр, А. Н.},
  translator = {Габуниа, З.М. and Сакиева, Р.С.},
  pages      = {109},
  publisher  = {Академия Наук СССР},
  title      = {Язык убыхов},
  year       = {1996},
  language={russian},
  hyphenation={russian}
}

@book{dumezil31,
  title={La langue des Oubykhs},
  author={Dum{\'e}zil, G.},
  series={35},
  year={1931},
  publisher={E. Champion},
  language={french},
  hyphenation={french}
}

@book{genko55,
  location    = {М.},
  author     = {Генко, А. Н.},
  pages      = {207},
  publisher  = {Академия Наук СССР},
  title      = {Абазинский язык},
  year       = {1955},
  language={russian},
  hyphenation={russian}
}

@book{lomtatidze06,
  location    = {Тбилиси},
  author     = {К. Ломтатидзе},
  publisher  = {Институт языкознания Арнольда Чикобава},
  title      = {Абазинский язык (краткое обозрение)},
  year       = {2006},
  language={russian},
  hyphenation={russian}
}

@book{tabulova76,
  location    = {Черкесск},
  author     = {Н. Т. Табулова},
  publisher  = {Ставропольское книжное издательство},
  title      = {Грамматика абазинского языка},
  year       = {1976},
  language={russian},
  hyphenation={russian}  
}

@book{hewitt79,
  location    = {Amsterdam},
  author     = {G. B. Hewitt},
  pages      = {288},
  publisher  = {North-Holland},
  series     = {Lingua Descriptive Studies},
  title      = {Abkhaz},
  volume     = {2},
  year       = {1979},
  language={english},
  hyphenation={english}
}

@book{jakovlev41,
author    =  {Н. Яковлев and Д. Ашхамаф},
title     =  {Грамматика адыгейского литературного языка},
year       =  {1941},
publisher = {Издательство академии наук СССР},
  location  =  {Москва, Ленинград},
  language={russian},
  hyphenation={russian}
}

@book{arshba79,
  title={Динамическое ударение и редукция гласных в абхазском языке},
  author={Аршба, Н. В.},
  year={1979},
  publisher={Мецниереба},
  language={russian},
  hyphenation={russian}
}

@article{allen1956,
  title={Structure and system in the Abaza verbal complex},
  author={Allen, W. S.},
  journal={Transactions of the Philological Society},
  volume={55},
  number={1},
  pages={127--176},
  year={1956},
  publisher={Wiley Online Library},
  language={english},
  hyphenation={english}
}